@article{bischof2000computing,
  title={Computing derivatives of computer programs},
  author={Bischof, Christian and Bucker, H Martin},
  journal={Modern Methods and Algorithms of Quantum Chemistry: Proceedings, Second Edition, NIC Series},
  volume={3},
  pages={315--327},
  year={2000}
}
@incollection{gay2006semiautomatic,
  title={Semiautomatic differentiation for efficient gradient computations},
  author={Gay, David M},
  booktitle={Automatic differentiation: applications, theory, and implementations},
  pages={147--158},
  year={2006},
  publisher={Springer}
}
@article{griewank2003mathematical,
  title={A mathematical view of automatic differentiation},
  author={Griewank, Andreas},
  journal={Acta Numerica},
  volume={12},
  pages={321--398},
  year={2003},
  publisher={Cambridge Univ Press}
}
@article{pryce2008fast,
  title={Fast automatic differentiation Jacobians by compact LU factorization},
  author={Pryce, John D and Tadjouddine, Emmanuel M},
  journal={SIAM Journal on Scientific Computing},
  volume={30},
  number={4},
  pages={1659--1677},
  year={2008},
  publisher={SIAM}
}
@article{barrio2005performance,
  title={Performance of the Taylor series method for ODEs/DAEs},
  author={Barrio, Roberto},
  journal={Applied Mathematics and Computation},
  volume={163},
  number={2},
  pages={525--545},
  year={2005},
  publisher={Elsevier}
}
@article{jorba2005software,
  title={A software package for the numerical integration of ODEs by means of high-order Taylor methods},
  author={Jorba, {\`A}ngel and Zou, Maorong},
  journal={Experimental Mathematics},
  volume={14},
  number={1},
  pages={99--117},
  year={2005},
  publisher={Taylor \& Francis}
}
@article{verma2000introduction,
  title={An introduction to automatic differentiation},
  author={Verma, Arun},
  journal={CURRENT SCIENCE-BANGALORE-},
  volume={78},
  number={7},
  pages={804--807},
  year={2000},
  publisher={CURRENT SCIENCE ASSOC/INDIAN ACADEMY OF SCIENCES}
}
@article{walther2012getting,
  title={Getting started with ADOL-C},
  author={Walther, Andrea and Griewank, Andreas},
  journal={Combinatorial Scientific Computing},
  pages={181--202},
  year={2012},
  publisher={CRC Press}
}